% This file was created with JabRef 2.10.
% Encoding: ISO8859_1


@article{w14091516,
    AUTHOR = {Kim, Hyeok and Park, Dong-Hyeok and Ahn, Jae-Hyun and Kim,
              Tae-Woong},
    TITLE = {Development of a Multiple-Drought Index for Comprehensive Drought
             Risk Assessment Using a Dynamic Naive Bayesian Classifier},
    JOURNAL = {Water},
    VOLUME = {14},
    YEAR = {2022},
    NUMBER = {9},
}





@article{hinton+etal_spm2012,
    Title = {Deep neural networks for acoustic modeling in speech recognition:
             The shared views of four research groups},
    Author = {Hinton, Geoffrey and Deng, Li and Yu, Dong and Dahl, George E and
              Mohamed, Abdel-Rahman and Jaitly, Navdeep and Senior, Andrew and
              Vanhoucke, Vincent and Nguyen, Patrick and Sainath, Tara N and
              Kingsbury, B},
    Journal = {{IEEE} Signal Process. Mag.},
    Year = {2012},
    Number = {6},
    Pages = {82--97},
    Volume = {29},
    Owner = {kamperh},
    Quality = {1},
    Timestamp = {2014.09.15},
}

